% Most Important

@misc{FSLsurvey,
      title={Generalizing from a Few Examples: A Survey on Few-Shot Learning}, 
      author={Yaqing Wang and Quanming Yao and James Kwok and Lionel M. Ni},
      year={2020},
      eprint={1904.05046},
      archivePrefix={arXiv},
      primaryClass={cs.LG}
}

@article{weng2021contrastive,
  title   = "Contrastive Representation Learning",
  author  = "Weng, Lilian",
  journal = "lilianweng.github.io",
  year    = "2021",
  month   = "May",
  url     = "https://lilianweng.github.io/posts/2021-05-31-contrastive/"
}

@misc{GoogleSpeechDataset,
      title={Speech Commands: A Dataset for Limited-Vocabulary Speech Recognition}, 
      author={Pete Warden},
      year={2018},
      eprint={1804.03209},
      archivePrefix={arXiv},
      primaryClass={cs.CL}
}

@misc{EmbedMetaFSL,
      title={Unraveling Meta-Learning: Understanding Feature Representations for Few-Shot Tasks}, 
      author={Micah Goldblum and Steven Reich and Liam Fowl and Renkun Ni and Valeriia Cherepanova and Tom Goldstein},
      year={2020},
      eprint={2002.06753},
      archivePrefix={arXiv},
      primaryClass={cs.LG}
}


@misc{KeywordSpottingMicrocontrollers,
      title={Hello Edge: Keyword Spotting on Microcontrollers}, 
      author={Yundong Zhang and Naveen Suda and Liangzhen Lai and Vikas Chandra},
      year={2018},
      eprint={1711.07128},
      archivePrefix={arXiv},
      primaryClass={cs.SD}
}

% introduction
@misc{FSLBiometricVerification,
      title={Few-Shot Learning for Biometric Verification}, 
      author={Saad Bin Ahmed and Umaid M. Zaffar and Marium Aslam and Muhammad Imran Malik},
      year={2023},
      eprint={2211.06761},
      archivePrefix={arXiv},
      primaryClass={cs.CV}
}

@misc{FSLDrugDiscovery,
      title={Low Data Drug Discovery with One-shot Learning}, 
      author={Han Altae-Tran and Bharath Ramsundar and Aneesh S. Pappu and Vijay Pande},
      year={2016},
      eprint={1611.03199},
      archivePrefix={arXiv},
      primaryClass={cs.LG}
}


@misc{FSLKeywordSpotting,
      title={Fully Unsupervised Training of Few-shot Keyword Spotting}, 
      author={Dongjune Lee and Minchan Kim and Sung Hwan Mun and Min Hyun Han and Nam Soo Kim},
      year={2022},
      eprint={2210.02732},
      archivePrefix={arXiv},
      primaryClass={eess.AS}
}
%%%%%%%%%%%%%%%%%%%%%%%%%%%%%%%%%%%%%%%%%%%%%%%%%%%%


% Review

% 90
@article{ReviewShareddensities,
  title   = {Learning from one example through shared densities on transforms},
  author  = {E. G. Miller and N. E. Matsakis and P. A. Viola},
  journal = "Proceedings of the IEEE Conference on Computer Vision and Pattern Recognition",
  year    = "2000",
}

%116
@misc{ReviewDeltaEncoder,
      title={Delta-encoder: an effective sample synthesis method for few-shot object recognition}, 
      author={Eli Schwartz and Leonid Karlinsky and Joseph Shtok and Sivan Harary and Mattias Marder and Rogerio Feris and Abhishek Kumar and Raja Giryes and Alex M. Bronstein},
      year={2018},
      eprint={1806.04734},
      archivePrefix={arXiv},
      primaryClass={cs.CV}
}

%53
@misc{ReviewLowShotVisual,
      title={Low-shot Visual Recognition by Shrinking and Hallucinating Features}, 
      author={Bharath Hariharan and Ross Girshick},
      year={2017},
      eprint={1606.02819},
      archivePrefix={arXiv},
      primaryClass={cs.CV}
}

%74
@INPROCEEDINGS{ReviewOneShotSceneLocations,
  author={Kwitt, Roland and Hegenbart, Sebastian and Niethammer, Marc},
  booktitle={2016 IEEE Conference on Computer Vision and Pattern Recognition (CVPR)}, 
  title={One-Shot Learning of Scene Locations via Feature Trajectory Transfer}, 
  year={2016},
  volume={},
  number={},
  pages={78-86},
  doi={10.1109/CVPR.2016.16}
}

%82
@misc{ReviewFeatureSpaceTransfer,
      title={Feature Space Transfer for Data Augmentation}, 
      author={Bo Liu and Xudong Wang and Mandar Dixit and Roland Kwitt and Nuno Vasconcelos},
      year={2019},
      eprint={1801.04356},
      archivePrefix={arXiv},
      primaryClass={cs.CV}
}

%102
@InProceedings{Review,
    author="Pfister, Tomas
    and Charles, James
    and Zisserman, Andrew",
    editor="Fleet, David
    and Pajdla, Tomas
    and Schiele, Bernt
    and Tuytelaars, Tinne",
    title="Domain-Adaptive Discriminative One-Shot Learning of Gestures",
    booktitle="Computer Vision -- ECCV 2014",
    year="2014",
    publisher="Springer International Publishing",
    address="Cham",
    pages="814--829",
    abstract="The objective of this paper is to recognize gestures in videos -- both localizing the gesture and classifying it into one of multiple classes.",
    isbn="978-3-319-10599-4"
}


%32
@misc{ReviewLowShotDiffusion,
      title={Low-shot learning with large-scale diffusion}, 
      author={Matthijs Douze and Arthur Szlam and Bharath Hariharan and Hervé Jégou},
      year={2018},
      eprint={1706.02332},
      archivePrefix={arXiv},
      primaryClass={cs.CV}
}


%148
@INPROCEEDINGS{ReviewStepwiseLearning,
  author={Wu, Yu and Lin, Yutian and Dong, Xuanyi and Yan, Yan and Ouyang, Wanli and Yang, Yi},
  booktitle={2018 IEEE/CVF Conference on Computer Vision and Pattern Recognition}, 
  title={Exploit the Unknown Gradually: One-Shot Video-Based Person Re-identification by Stepwise Learning}, 
  year={2018},
  volume={},
  number={},
  pages={5177-5186},
  doi={10.1109/CVPR.2018.00543}
}



%133
@misc{ReviewOneShotSideInformation,
      title={Improving One-Shot Learning through Fusing Side Information}, 
      author={Yao-Hung Hubert Tsai and Ruslan Salakhutdinov},
      year={2018},
      eprint={1710.08347},
      archivePrefix={arXiv},
      primaryClass={cs.LG}
}


%46
@misc{ReviewGenerativeAdversalNets,
      title={Generative Adversarial Networks}, 
      author={Ian J. Goodfellow and Jean Pouget-Abadie and Mehdi Mirza and Bing Xu and David Warde-Farley and Sherjil Ozair and Aaron Courville and Yoshua Bengio},
      year={2014},
      eprint={1406.2661},
      archivePrefix={arXiv},
      primaryClass={stat.ML}
}


%42
@misc{ReviewLowShotAugmentationNets,
      title={Low-shot Learning via Covariance-Preserving Adversarial Augmentation Networks}, 
      author={Hang Gao and Zheng Shou and Alireza Zareian and Hanwang Zhang and Shih-Fu Chang},
      year={2018},
      eprint={1810.11730},
      archivePrefix={arXiv},
      primaryClass={cs.LG}
}

%23
@book{ReviewMultitaskLearning,
  title   = {Multitask learning},
  author  = {R. Caruana},
  year    = "1997"
}

%161
@misc{ReviewSurveyMultiTask,
      title={A Survey on Multi-Task Learning}, 
      author={Yu Zhang and Qiang Yang},
      year={2021},
      eprint={1707.08114},
      archivePrefix={arXiv},
      primaryClass={cs.LG}
}
%45
@article{ReviewDeepLearning,
  title   = {Deep Learning},
  author  = {I. Goodfellow and Y. Bengio and A. Courville},
  year    = "2016"
}

%63
@misc{ReviewConvolutionArchitectureEmbedding,
      title={Caffe: Convolutional Architecture for Fast Feature Embedding}, 
      author={Yangqing Jia and Evan Shelhamer and Jeff Donahue and Sergey Karayev and Jonathan Long and Ross Girshick and Sergio Guadarrama and Trevor Darrell},
      year={2014},
      eprint={1408.5093},
      archivePrefix={arXiv},
      primaryClass={cs.CV}
}

%122
@book{ReviewDifferentialGeometry,
  title  = {A Comprehensive Introduction to Differential Geometry},
  author   = {M. D. Spivak},
  year    = "1970"
}

%49
@misc{ReviewNeuralTuringMachines,
      title={Neural Turing Machines}, 
      author={Alex Graves and Greg Wayne and Ivo Danihelka},
      year={2014},
      eprint={1410.5401},
      archivePrefix={arXiv},
      primaryClass={cs.NE}
}

%89
@misc{ReviewKeyValueMemory,
      title={Key-Value Memory Networks for Directly Reading Documents}, 
      author={Alexander Miller and Adam Fisch and Jesse Dodge and Amir-Hossein Karimi and Antoine Bordes and Jason Weston},
      year={2016},
      eprint={1606.03126},
      archivePrefix={arXiv},
      primaryClass={cs.CL}
}

%124
@misc{ReviewEndToEndMemory,
      title={End-To-End Memory Networks}, 
      author={Sainbayar Sukhbaatar and Arthur Szlam and Jason Weston and Rob Fergus},
      year={2015},
      eprint={1503.08895},
      archivePrefix={arXiv},
      primaryClass={cs.NE}
}

%145
@misc{ReviewMemoryNetworks,
      title={Memory Networks}, 
      author={Jason Weston and Sumit Chopra and Antoine Bordes},
      year={2015},
      eprint={1410.3916},
      archivePrefix={arXiv},
      primaryClass={cs.AI}
}

%34
@misc{ReviewNeuralStatistician,
      title={Towards a Neural Statistician}, 
      author={Harrison Edwards and Amos Storkey},
      year={2017},
      eprint={1606.02185},
      archivePrefix={arXiv},
      primaryClass={stat.ML}
}

%76
@article{ReviewConceptLearning,
  title   = {Human-level concept learning through probabilistic program induction},
  author  = {B.M.Lake and R.Salakhutdinov and J.B.Tenenbaum},
  journal = "Science",
  year    = "2015"
}

%107
@misc{ReviewFewShotAutoregressive,
      title={Few-shot Autoregressive Density Estimation: Towards Learning to Learn Distributions}, 
      author={Scott Reed and Yutian Chen and Thomas Paine and Aäron van den Oord and S. M. Ali Eslami and Danilo Rezende and Oriol Vinyals and Nando de Freitas},
      year={2018},
      eprint={1710.10304},
      archivePrefix={arXiv},
      primaryClass={cs.NE}
}

%109
@misc{ReviewOneShotGeneralization,
      title={One-Shot Generalization in Deep Generative Models}, 
      author={Danilo Jimenez Rezende and Shakir Mohamed and Ivo Danihelka and Karol Gregor and Daan Wierstra},
      year={2016},
      eprint={1603.05106},
      archivePrefix={arXiv},
      primaryClass={stat.ML}
}


%21
@misc{ReviewOneShotVideoSegmentation,
      title={One-Shot Video Object Segmentation}, 
      author={Sergi Caelles and Kevis-Kokitsi Maninis and Jordi Pont-Tuset and Laura Leal-Taixé and Daniel Cremers and Luc Van Gool},
      year={2017},
      eprint={1611.05198},
      archivePrefix={arXiv},
      primaryClass={cs.CV}
}

%37
@misc{ReviewMetaLearningFastAdaptation,
      title={Model-Agnostic Meta-Learning for Fast Adaptation of Deep Networks}, 
      author={Chelsea Finn and Pieter Abbeel and Sergey Levine},
      year={2017},
      eprint={1703.03400},
      archivePrefix={arXiv},
      primaryClass={cs.LG}
}


%5
@misc{ReviewGradientDescendDouble,
      title={Learning to learn by gradient descent by gradient descent}, 
      author={Marcin Andrychowicz and Misha Denil and Sergio Gomez and Matthew W. Hoffman and David Pfau and Tom Schaul and Brendan Shillingford and Nando de Freitas},
      year={2016},
      eprint={1606.04474},
      archivePrefix={arXiv},
      primaryClass={cs.NE}
}


%106
@inproceedings{ReviewOptimizationModelFewShot,
  title={Optimization as a Model for Few-Shot Learning},
  author={Sachin Ravi and H. Larochelle},
  booktitle={International Conference on Learning Representations},
  year={2016}
}

%130
@misc{ReviewEmbedInformationLens,
      title={Few-Shot Learning Through an Information Retrieval Lens}, 
      author={Eleni Triantafillou and Richard Zemel and Raquel Urtasun},
      year={2017},
      eprint={1707.02610},
      archivePrefix={arXiv},
      primaryClass={cs.LG}
}

%36
@inproceedings{ReviewEmbedObjectClassification,
 author = {Fink, Michael},
 booktitle = {Advances in Neural Information Processing Systems},
 editor = {L. Saul and Y. Weiss and L. Bottou},
 pages = {},
 publisher = {MIT Press},
 title = {Object Classification from a Single Example Utilizing Class Relevance Metrics},
 url = {https://proceedings.neurips.cc/paper_files/paper/2004/file/ef1e491a766ce3127556063d49bc2f98-Paper.pdf},
 volume = {17},
 year = {2004}
}


%70
@inproceedings{ReviewSiameseNeuralNetworks,
  title={Siamese Neural Networks for One-Shot Image Recognition},
  author={Gregory R. Koch},
  year={2015}
}

%14
@misc{ReviewEmbedFeedForward,
      title={Learning feed-forward one-shot learners}, 
      author={Luca Bertinetto and João F. Henriques and Jack Valmadre and Philip H. S. Torr and Andrea Vedaldi},
      year={2016},
      eprint={1606.05233},
      archivePrefix={arXiv},
      primaryClass={cs.CV}
}

%%%%%%%%%%%%%%%%%%%%%%%%%%%%%%%%%%%%%%%%%%%%%%%%%%%%
@article{LossContrstive,
  author={Chopra, S. and Hadsell, R. and LeCun, Y.},
  booktitle={2005 IEEE Computer Society Conference on Computer Vision and Pattern Recognition (CVPR'05)}, 
  title={Learning a similarity metric discriminatively, with application to face verification}, 
  year={2005},
  volume={1},
  number={},
  pages={539-546 vol. 1},
  doi={10.1109/CVPR.2005.202}}


@inproceedings{LossTriplet,
	doi = {10.1109/cvpr.2015.7298682},
	url = "https://doi.org/10.1109\%2Fcvpr.2015.7298682",
	year = 2015,
	month = {jun},
	publisher = {{IEEE}},
	author = {Florian Schroff and Dmitry Kalenichenko and James Philbin},
	title = {{FaceNet}: A unified embedding for face recognition and clustering},
	booktitle = {2015 {IEEE} Conference on Computer Vision and Pattern Recognition ({CVPR})}
}

@misc{LossLifted,
      title={Deep Metric Learning via Lifted Structured Feature Embedding}, 
      author={Hyun Oh Song and Yu Xiang and Stefanie Jegelka and Silvio Savarese},
      year={2015},
      eprint={1511.06452},
      archivePrefix={arXiv},
      primaryClass={cs.CV}
}

@inproceedings{LossNpair,
 author = {Sohn, Kihyuk},
 booktitle = {Advances in Neural Information Processing Systems},
 editor = {D. Lee and M. Sugiyama and U. Luxburg and I. Guyon and R. Garnett},
 pages = {},
 publisher = {Curran Associates, Inc.},
 title = {Improved Deep Metric Learning with Multi-class N-pair Loss Objective},
 url = {https://proceedings.neurips.cc/paper_files/paper/2016/file/6b180037abbebea991d8b1232f8a8ca9-Paper.pdf},
 volume = {29},
 year = {2016}
}

%%%%%%%%%%%%%%%%%%%%%%%%%%%%%%%%%%%%%%%%%%%%%%%%%%%%
